<record><leader>00000cas a22000001a 4500</leader><controlfield tag="001">17271936</controlfield><controlfield tag="007">hd afb019baca</controlfield><controlfield tag="007">hd bfb019baaa</controlfield><controlfield tag="008">731024u1908uuuuiludn nea     0   b0pol c</controlfield><datafield ind1=" " ind2=" " tag="010"><subfield code="a">sn 94083572 </subfield></datafield><datafield ind1=" " ind2=" " tag="040"><subfield code="a">NYP</subfield><subfield code="b">eng</subfield><subfield code="c">NYP</subfield><subfield code="d">RQM</subfield><subfield code="d">OCLCQ</subfield><subfield code="d">OCLCO</subfield><subfield code="d">OCLCQ</subfield></datafield><datafield ind1=" " ind2=" " tag="012"><subfield code="i">7310</subfield></datafield><datafield ind1="1" ind2=" " tag="022"><subfield code="a">0742-6615</subfield><subfield code="l">0742-6615</subfield></datafield><datafield ind1=" " ind2=" " tag="037"><subfield code="b">Dziennik Zwia&#808;zkowy, 6100 N. Cicero Ave., Chicago, IL 60646</subfield></datafield><datafield ind1=" " ind2=" " tag="042"><subfield code="a">pcc</subfield></datafield><datafield ind1=" " ind2="0" tag="222"><subfield code="a">Dziennik zwia&#808;zkowy</subfield></datafield><datafield ind1="0" ind2="0" tag="245"><subfield code="a">Dziennik zwia&#808;zkowy =</subfield><subfield code="b">Polish daily zgoda.</subfield></datafield><datafield ind1="1" ind2="0" tag="246"><subfield code="a">Zgoda</subfield></datafield><datafield ind1="1" ind2="1" tag="246"><subfield code="a">Polish daily zgoda</subfield></datafield><datafield ind1=" " ind2=" " tag="260"><subfield code="a">Chicago [Ill.] :</subfield><subfield code="b">Polish National Alliance</subfield></datafield><datafield ind1=" " ind2=" " tag="300"><subfield code="a">volumes :</subfield><subfield code="b">illustrations ;</subfield><subfield code="c">59 cm</subfield></datafield><datafield ind1=" " ind2=" " tag="310"><subfield code="a">Daily (except Saturday and Sunday)</subfield></datafield><datafield ind1=" " ind2=" " tag="336"><subfield code="a">text</subfield><subfield code="b">txt</subfield><subfield code="2">rdacontent</subfield></datafield><datafield ind1=" " ind2=" " tag="337"><subfield code="a">microform</subfield><subfield code="b">h</subfield><subfield code="2">rdamedia</subfield></datafield><datafield ind1=" " ind2=" " tag="338"><subfield code="a">microfilm reel</subfield><subfield code="b">hd</subfield><subfield code="2">rdacarrier</subfield></datafield><datafield ind1="1" ind2=" " tag="362"><subfield code="a">Began with Jan. 9, 1908 issue.</subfield><subfield code="z">Cf. Gregory, W. Amer. newspapers.</subfield></datafield><datafield ind1=" " ind2=" " tag="515"><subfield code="a">Numbering irregular.</subfield></datafield><datafield ind1=" " ind2=" " tag="525"><subfield code="a">Supplements accompany some issues.</subfield></datafield><datafield ind1=" " ind2=" " tag="533"><subfield code="a">Microfilm.</subfield><subfield code="m">1911-czerw. 1987:[Gaps]</subfield><subfield code="b">New York :</subfield><subfield code="c">New York Public Library,</subfield><subfield code="d">[19--].</subfield><subfield code="e">96 microfilm reels ; 35 mm.</subfield></datafield><datafield ind1="2" ind2=" " tag="710"><subfield code="a">Polish National Alliance of the United States of North America.</subfield></datafield><datafield ind1="1" ind2=" " tag="776"><subfield code="c">Original</subfield><subfield code="w">(DLC)sn 83045092</subfield></datafield><datafield ind1="0" ind2="5" tag="780"><subfield code="t">Dziennik narodowy</subfield><subfield code="g">Sept. 23, 1923</subfield></datafield><datafield ind1=" " ind2=" " tag="850"><subfield code="a">NN</subfield><subfield code="a">NN (master)</subfield></datafield><datafield ind1="1" ind2=" " tag="029"><subfield code="a">AU@</subfield><subfield code="b">000025866057</subfield></datafield></record>